%----------------- Ohua -----------------------------------------
@article{ariola1997call,
  title={The call-by-need lambda calculus},
  author={Ariola, Zena M and Felleisen, Matthias},
  journal={Journal of functional programming},
  volume={7},
  number={3},
  pages={265--301},
  year={1997},
  publisher={Cambridge University Press}
}

@inproceedings{ariola1995call,
  title={A call by need lambda calculus. Conf. Rec},
  author={Ariola, ZM and Felleisen, M and Maraist, J and Odersky, M and Wadler, P},
  booktitle={22nd Ann. ACM Symp. Princ. Program. Lang. ACM},
  year={1995}
}

@incollection{ertel2015ohua,
  title={Ohua: Implicit dataflow programming for concurrent systems},
  author={Ertel, Sebastian and Fetzer, Christof and Felber, Pascal},
  booktitle={Proceedings of the Principles and Practices of Programming on The Java Platform},
  pages={51--64},
  year={2015}
}

@inproceedings{ertel2018compiling,
  title={Compiling for concise code and efficient i/o},
  author={Ertel, Sebastian and Goens, Andr{\'e}s and Adam, Justus and Castrillon, Jeronimo},
  booktitle={Proceedings of the 27th International Conference on Compiler Construction},
  pages={104--115},
  year={2018}
}

@inproceedings{ertel2018supporting,
  title={Supporting fine-grained dataflow parallelism in big data systems},
  author={Ertel, Sebastian and Adam, Justus and Castrillon, Jeronimo},
  booktitle={Proceedings of the 9th International Workshop on Programming Models and Applications for Multicores and Manycores},
  pages={41--50},
  year={2018}
}

@inproceedings{ertel2019stclang,
  title={STCLang: state thread composition as a foundation for monadic dataflow parallelism},
  author={Ertel, Sebastian and Adam, Justus and Rink, Norman A and Goens, Andr{\'e}s and Castrillon, Jeronimo},
  booktitle={Proceedings of the 12th ACM SIGPLAN International Symposium on Haskell},
  pages={146--161},
  year={2019}
}

@article{culler1986dataflow,
  title={Dataflow architectures},
  author={Culler, David E},
  journal={Annual review of computer science},
  volume={1},
  number={1},
  pages={225--253},
  year={1986},
  publisher={Annual Reviews 4139 El Camino Way, PO Box 10139, Palo Alto, CA 94303-0139, USA}
}
@thesis{wittwer2020ohua,
  title={Ohua as an STM Alternative for Shared State Applications},
  author={Wittwer, Felix},
  year={2020}
}

@article{launchbury1994lazy,
  title={Lazy functional state threads},
  author={Launchbury, John and Peyton Jones, Simon L},
  journal={ACM SIGPLAN Notices},
  volume={29},
  number={6},
  pages={24--35},
  year={1994},
  publisher={ACM New York, NY, USA}
}

@inproceedings{wadler1992essence,
  title={The essence of functional programming},
  author={Wadler, Philip},
  booktitle={Proceedings of the 19th ACM SIGPLAN-SIGACT symposium on Principles of programming languages},
  pages={1--14},
  year={1992}
}


% ------- Microkernels -------------
@inproceedings{sartakov2021cubicleos,
  title={CubicleOS: a library OS with software componentisation for practical isolation},
  author={Sartakov, Vasily A and Vilanova, Llu{\'\i}s and Pietzuch, Peter},
  booktitle={Proceedings of the 26th ACM International Conference on Architectural Support for Programming Languages and Operating Systems},
  pages={546--558},
  year={2021}
}

@inproceedings{lefeuvre2021flexos,
  title={FlexOS: easy specialization of OS safety properties},
  author={Lefeuvre, Hugo},
  booktitle={Proceedings of the 22nd International Middleware Conference: Doctoral Symposium},
  pages={29--32},
  year={2021}
}

@inproceedings{Asmussen:M3x,
    title = {M3x: Autonomous Accelerators via Context-Enabled Fast-Path Communication},
    author = {Asmussen, Nils and Roitzsch, Michael and  HÃ¤rtig,  Hermann},
    year = {2019},
    booktitle = {USENIX Annual Technical Conference (ATC)},
    address = {Renton, WA, USA},
    month = {July},
    publisher = {USENIX}
}

@inproceedings{Asmussen:M3v,
    title = {Efficient and Scalable Core Multiplexing with M$^3$v},
    author = {Asmussen, Nils and  Haas, Sebastian and Weinhold, Carsten and Miemietz,  Till  and Roitzsch, Michael },
    year = {2022},
    booktitle = {ACM International Conference on Architectural Support for Programming Languages and Operating Systems (ASPLOS)},
    address = {Lausanne, Switzerland},
    month = {February},
    publisher = {ACM},
    pages = {452--466},
    url = {https://doi.org/10.1145/3503222.3507741}
}
% Minimality Principle
@inproceedings{jochen1995mu,
  title={On $\mu$-kernel construction},
  author={Jochen, Liedke},
  booktitle={Proceeding of 15th ACM Symposium on Operating System Principles,(SOSP' 95)},
  pages={237--250},
  year={1995}
}

@article{hansen1970nucleus,
  title={The nucleus of a multiprogramming system},
  author={Hansen, Per Brinch},
  journal={Communications of the ACM},
  volume={13},
  number={4},
  pages={238--241},
  year={1970},
  publisher={ACM New York, NY, USA}
}

@article{accetta1986mach,
  title={Mach: A new kernel foundation for UNIX development},
  author={Accetta, Mike and Baron, Robert and Bolosky, William and Golub, David and Rashid, Richard and Tevanian, Avadis and Young, Michael},
  year={1986}
}

@article{rushby1981design,
  title={Design and verification of secure systems},
  author={Rushby, John M},
  journal={ACM SIGOPS Operating Systems Review},
  volume={15},
  number={5},
  pages={12--21},
  year={1981},
  publisher={ACM New York, NY, USA}
}

@inproceedings{whitaker2002scale,
  title={Scale and performance in the Denali isolation kernel},
  author={Whitaker, Andrew and Shaw, Marianne and Gribble, Steven D},
  booktitle={5th Symposium on Operating Systems Design and Implementation (OSDI 02)},
  year={2002}
}

@inproceedings{liedtke1993persistent,
  title={A persistent system in real use-experiences of the first 13 years},
  author={Liedtke, Jochen},
  booktitle={Proceedings Third International Workshop on Object Orientation in Operating Systems},
  pages={2--11},
  year={1993},
  organization={IEEE}
}

@article{herder2006minix,
  title={MINIX 3: A highly reliable, self-repairing operating system},
  author={Herder, Jorrit N and Bos, Herbert and Gras, Ben and Homburg, Philip and Tanenbaum, Andrew S},
  journal={ACM SIGOPS Operating Systems Review},
  volume={40},
  number={3},
  pages={80--89},
  year={2006},
  publisher={ACM New York, NY, USA}
}
@article{hunt2005overview,
  title={An overview of the Singularity project},
  author={Hunt, Galen and Larus, James R and Abadi, Mart{\i}n and Aiken, Mark and Barham, Paul and Fahndrich, Manuel and Hawblitzel, Chris and Hodson, Orion and Levi, Steven and Murphy, Nick and others},
  year={2005},
  publisher={Technical Report MSR-TR-2005-135, Microsoft Research}
}

@inproceedings{hildebrand1992architectural,
  title={An Architectural Overview of QNX.},
  author={Hildebrand, Dan},
  booktitle={USENIX Workshop on Microkernels and Other Kernel Architectures},
  pages={113--126},
  year={1992}
}
%Intel MPK
@article{intel64and,
  title={and IA-32 architectures software developer's manual},
  author={Intel, Intel},
  journal={Volume 3A: System Programming Guide, Part},
  volume={1},
  number={64},
  pages={64},
  year={64}
}

% -------------- Verification ----------
% seL4, a general-purpose operating system microkernel verification with Isabelle/HOL, C kernel designed in Haskell

@article{sL4Verf,
    author = {Klein, Gerwin and Andronick, June and Elphinstone, Kevin and Murray, Toby and Sewell, Thomas and Kolanski, Rafal and Heiser, Gernot},
    title = {Comprehensive Formal Verification of an OS Microkernel},
    year = {2014},
    issue_date = {February 2014},
    publisher = {Association for Computing Machinery},
    address = {New York, NY, USA},
    volume = {32},
    number = {1},
    issn = {0734-2071},
    url = {https://doi.org/10.1145/2560537},
    doi = {10.1145/2560537},
    journal = {ACM Trans. Comput. Syst.},
    month = {feb},
    articleno = {2},
    numpages = {70},
    keywords = {Isabelle/HOL, microkernel, seL4, L4, operating systems}
}

% Certified concurrent OS with Coq
@inproceedings{gu2016certikos,
  title={$\{$CertiKOS$\}$: An Extensible Architecture for Building Certified Concurrent $\{$OS$\}$ Kernels},
  author={Gu, Ronghui and Shao, Zhong and Chen, Hao and Wu, Xiongnan Newman and Kim, Jieung and Sj{\"o}berg, Vilhelm and Costanzo, David},
  booktitle={12th USENIX Symposium on Operating Systems Design and Implementation (OSDI 16)},
  pages={653--669},
  year={2016}
}

% CompCert Project - Certifying the C compiler
@article{leroy2009formal,
  title={Formal verification of a realistic compiler},
  author={Leroy, Xavier},
  journal={Communications of the ACM},
  volume={52},
  number={7},
  pages={107--115},
  year={2009},
  publisher={ACM New York, NY, USA}
}


% -------------- Unikernel ----------
@article{madhavapeddy2014unikernels,
  title={Unikernels: the rise of the virtual library operating system},
  author={Madhavapeddy, Anil and Scott, David J},
  journal={Communications of the ACM},
  volume={57},
  number={1},
  pages={61--69},
  year={2014},
  publisher={ACM New York, NY, USA}
}

@misc{unikernelorg,
  title = {Unikernels Project},
  howpublished = {\url{http://unikernel.org/}},
  note = {Accessed: 2022-05-20}
}
@inproceedings{Rust4Unikernel,
    author = {Lankes, Stefan and Breitbart, Jens and Pickartz, Simon},
    title = {Exploring Rust for Unikernel Development},
    year = {2019},
    isbn = {9781450370172},
    publisher = {Association for Computing Machinery},
    address = {New York, NY, USA},
    url = {https://doi.org/10.1145/3365137.3365395},
    doi = {10.1145/3365137.3365395},
    booktitle = {Proceedings of the 10th Workshop on Programming Languages and Operating Systems},
    pages = {8--15},
    numpages = {8},
    location = {Huntsville, ON, Canada},
    series = {PLOS'19}
}

@article{madhavapeddy2013unikernels,
  title={Unikernels: Library operating systems for the cloud},
  author={Madhavapeddy, Anil and Mortier, Richard and Rotsos, Charalampos and Scott, David and Singh, Balraj and Gazagnaire, Thomas and Smith, Steven and Hand, Steven and Crowcroft, Jon},
  journal={ACM SIGARCH Computer Architecture News},
  volume={41},
  number={1},
  pages={461--472},
  year={2013},
  publisher={ACM New York, NY, USA}
}

% ------------- Rust ------------------------
@misc{smolTCP,
  title = {smoltcp},
  howpublished = {\url{https://m-labs.hk/software/smoltcp/}},
  note = {Accessed: 2022-05-31}
}

@article{lam2021combining,
  title={Combining processing throughput, low latency and timing accuracy in experiment control},
  author={Lam, Chun Kit and Maka, Stephan and Nadlinger, David and Ballance, Chris and Bourdeauducq, S{\'e}bastien},
  journal={arXiv preprint arXiv:2111.15290},
  year={2021}
}

@INPROCEEDINGS{GenerateCode,
      author={McQuistin, Stephen and Band, Vivian and Jacob, Dejice and Perkins, Colin},
      booktitle={2021 IFIP Networking Conference (IFIP Networking)}, 
      title={Investigating Automatic Code Generation for Network Packet Parsing}, 
      year={2021},
      volume={},
      number={},
      pages={1-9},
      doi={10.23919/IFIPNetworking52078.2021.9472829}
  }
  
@misc{redoxwebsite,
    title={Redox Project Website},
    howpublished= {\url{https://www.redox-os.org/}},
    note = {Accessed: 2022-07-16}
  }

@misc{rustbook,
  title = {The Rust Programming Language},
  howpublished = {\url{https://doc.rust-lang.org/book/}},
  note = {Accessed: 2022-12-20}
}

@misc{rustreference,
  title = {The Rust Reference},
  howpublished = {\url{https://doc.rust-lang.org/reference/}},
  note = {Accessed: 2022-12-20}
}
  
  %-------------- Library OSes ------------------
  @inproceedings{tsai2014Graphene,
      title={Cooperation and security isolation of library OSes for multi-process applications},
      author={Tsai, Chia-Che and Arora, Kumar Saurabh and Bandi, Nehal and Jain, Bhushan and Jannen, William and John, Jitin and Kalodner, Harry A and Kulkarni, Vrushali and Oliveira, Daniela and Porter, Donald E},
      booktitle={Proceedings of the Ninth European Conference on Computer Systems},
      pages={1--14},
      year={2014}
}

@inproceedings{kuenzer2021unikraft,
  title={Unikraft: fast, specialized unikernels the easy way},
  author={Kuenzer, Simon and B{\u{a}}doiu, Vlad-Andrei and Lefeuvre, Hugo and Santhanam, Sharan and Jung, Alexander and Gain, Gaulthier and Soldani, Cyril and Lupu, Costin and Teodorescu, {\c{S}}tefan and R{\u{a}}ducanu, Costi and others},
  booktitle={Proceedings of the Sixteenth European Conference on Computer Systems},
  pages={376--394},
  year={2021}
}

@inproceedings{bratterud2015includeos,
  title={IncludeOS: A minimal, resource efficient unikernel for cloud services},
  author={Bratterud, Alfred and Walla, Alf-Andre and Haugerud, H{\aa}rek and Engelstad, Paal E and Begnum, Kyrre},
  booktitle={2015 IEEE 7th international conference on cloud computing technology and science (cloudcom)},
  pages={250--257},
  year={2015},
  organization={IEEE}
}

%-------------- Compiling side effects away ------------------
@inproceedings{fernandez2014making,
  title={Making state explicit for imperative big data processing},
  author={Fernandez, Raul Castro and Migliavacca, Matteo and Kalyvianaki, Evangelia and Pietzuch, Peter},
  booktitle={2014 USENIX annual technical conference (USENIX ATC 14)},
  pages={49--60},
  year={2014}
}

@inproceedings{mukherjee2017dfgentool,
  title={DFGenTool: A dataflow graph generation tool for coarse grain reconfigurable architectures},
  author={Mukherjee, Manideepa and Fell, Alexander and Guha, Apala},
  booktitle={2017 30th International Conference on VLSI Design and 2017 16th International Conference on Embedded Systems (VLSID)},
  pages={67--72},
  year={2017},
  organization={IEEE}
}



% --------------- Benchmarks -----------------------------------
@inproceedings{YSBC,
author = {Cooper, Brian F. and Silberstein, Adam and Tam, Erwin and Ramakrishnan, Raghu and Sears, Russell},
title = {Benchmarking Cloud Serving Systems with YCSB},
year = {2010},
isbn = {9781450300360},
publisher = {Association for Computing Machinery},
address = {New York, NY, USA},
url = {https://doi.org/10.1145/1807128.1807152},
doi = {10.1145/1807128.1807152},
booktitle = {Proceedings of the 1st ACM Symposium on Cloud Computing},
pages = {143--154},
numpages = {12},
keywords = {cloud serving database, benchmarking},
location = {Indianapolis, Indiana, USA},
series = {SoCC '10}
}

% ---------- Code Transformations / Related Work----------------------------------
% The original Defunctionalization Paper
@inproceedings{reynolds1972definitional,
  title={Definitional interpreters for higher-order programming languages},
  author={Reynolds, John C},
  booktitle={Proceedings of the ACM annual conference-Volume 2},
  pages={717--740},
  year={1972}
}

% The web transformation paper
@inproceedings{graunke2001automatically,
  title={Automatically restructuring programs for the web},
  author={Graunke, Paul and Findler, Robert Bruce and Krishnamurthi, Shriram and Felleisen, Matthias},
  booktitle={Proceedings 16th Annual International Conference on Automated Software Engineering (ASE 2001)},
  pages={211--222},
  year={2001},
  organization={IEEE}
}

% Manual Stack Management
@inproceedings{adya2002cooperative,
  title={Cooperative Task Management Without Manual Stack Management.},
  author={Adya, Atul and Howell, Jon and Theimer, Marvin and Bolosky, William J and Douceur, John R},
  booktitle={USENIX Annual Technical Conference, General Track},
  pages={289--302},
  year={2002}
}

% Interderivable computation models 
@article{danvy2008defunctionalized,
  title={Defunctionalized interpreters for programming languages},
  author={Danvy, Olivier},
  journal={ACM Sigplan Notices},
  volume={43},
  number={9},
  pages={131--142},
  year={2008},
  publisher={ACM New York, NY, USA}
}

@article{DANVY2009534,
title = {Refunctionalization at work},
journal = {Science of Computer Programming},
volume = {74},
number = {8},
pages = {534-549},
year = {2009},
note = {Special Issue on Mathematics of Program Construction (MPC 2006)},
issn = {0167-6423},
doi = {https://doi.org/10.1016/j.scico.2007.10.007},
url = {https://www.sciencedirect.com/science/article/pii/S0167642309000227},
author = {Olivier Danvy and Kevin Millikin},
keywords = {Defunctionalization, Refunctionalization, Abstract machines, Continuations, Continuation-passing style (CPS), Shunting-yard algorithm},
}

@inproceedings{10.1145/1086365.1086393,
author = {Pettyjohn, Greg and Clements, John and Marshall, Joe and Krishnamurthi, Shriram and Felleisen, Matthias},
title = {Continuations from Generalized Stack Inspection},
year = {2005},
isbn = {1595930647},
publisher = {Association for Computing Machinery},
address = {New York, NY, USA},
url = {https://doi.org/10.1145/1086365.1086393},
doi = {10.1145/1086365.1086393},
booktitle = {Proceedings of the Tenth ACM SIGPLAN International Conference on Functional Programming},
pages = {216â227},
numpages = {12},
keywords = {continuation-passing style, continuations, web programming, stack inspection, A-normal form, defunctionalization, scheme},
location = {Tallinn, Estonia},
series = {ICFP '05}
}


@article{stackInspection,
author = {Pettyjohn, Greg and Clements, John and Marshall, Joe and Krishnamurthi, Shriram and Felleisen, Matthias},
title = {Continuations from Generalized Stack Inspection},
year = {2005},
issue_date = {September 2005},
publisher = {Association for Computing Machinery},
address = {New York, NY, USA},
volume = {40},
number = {9},
issn = {0362-1340},
url = {https://doi.org/10.1145/1090189.1086393},
doi = {10.1145/1090189.1086393},
journal = {SIGPLAN Not.},
month = {sep},
pages = {216â227},
numpages = {12},
keywords = {A-normal form, continuations, defunctionalization, web programming, scheme, continuation-passing style, stack inspection}
}



%------------------ Memory Isolation ---------------------
@inproceedings{mckee2022preventing,
  title={Preventing Kernel Hacks with HAKC},
  author={McKee, Derrick and Giannaris, Yianni and Perez, Carolina Ortega and Shrobe, Howard and Payer, Mathias and Okhravi, Hamed and Burow, Nathan},
  booktitle={Proceedings 2022 Network and Distributed System Security Symposium. NDSS},
  volume={22},
  pages={1--17},
  year={2022}
}

@article{im2021endokernel,
  title={The Endokernel: Fast, Secure, and Programmable Subprocess Virtualization},
  author={Im, Bumjin and Yang, Fangfei and Tsai, Chia-Che and LeMay, Michael and Vahldiek-Oberwagner, Anjo and Dautenhahn, Nathan},
  journal={arXiv preprint arXiv:2108.03705},
  year={2021}
}

@INPROCEEDINGS{9973038,
  author={Alshmrany, Kaled and Bhayat, Ahmed and Brau\ss{}e, Franz and Cordeiro, Lucas and Korovin, Konstantin and Melham, Tom and Mustafa, Mustafa A. and Olivier, Pierre and Reger, Giles and Shmarov, Fedor},
  booktitle={2022 IEEE Secure Development Conference (SecDev)}, 
  title={Position Paper: Towards a Hybrid Approach to Protect Against Memory Safety Vulnerabilities}, 
  year={2022},
  volume={},
  number={},
  pages={52-58},
  doi={10.1109/SecDev53368.2022.00020}}

  @phdthesis{mckee2022novel,
  title={Novel System Compartmentalization and Reverse Engineering Methods},
  author={Mckee, Derrick P},
  year={2022},
  school={Purdue University Graduate School}
}

@phdthesis{ortega2022flexc,
  title={FlexC: Flexible Compartmentalization Through Automatic Policy Generation},
  author={Ortega, Carolina Perez},
  year={2022},
  school={Massachusetts Institute of Technology}
}

@inproceedings{kirth2022pkru,
  title={PKRU-safe: automatically locking down the heap between safe and unsafe languages},
  author={Kirth, Paul and Dickerson, Mitchel and Crane, Stephen and Larsen, Per and Dabrowski, Adrian and Gens, David and Na, Yeoul and Volckaert, Stijn and Franz, Michael},
  booktitle={Proceedings of the Seventeenth European Conference on Computer Systems},
  pages={132--148},
  year={2022}
}

@inproceedings{SponsAndShields,
author = {Sartakov, Vasily A. and O'Keeffe, Daniel and Eyers, David and Vilanova, Llu\'{\i}s and Pietzuch, Peter},
title = {Spons \& Shields: Practical Isolation for Trusted Execution},
year = {2021},
isbn = {9781450383943},
publisher = {Association for Computing Machinery},
address = {New York, NY, USA},
url = {https://doi.org/10.1145/3453933.3454024},
doi = {10.1145/3453933.3454024},
booktitle = {Proceedings of the 17th ACM SIGPLAN/SIGOPS International Conference on Virtual Execution Environments},
pages = {186 -- 200},
numpages = {15},
keywords = {SGX, compartments, isolation, trusted execution},
location = {Virtual, USA},
series = {VEE 2021}
}

@article{pinto2019demystifying,
  title={Demystifying arm trustzone: A comprehensive survey},
  author={Pinto, Sandro and Santos, Nuno},
  journal={ACM computing surveys (CSUR)},
  volume={51},
  number={6},
  pages={1--36},
  year={2019},
  publisher={ACM New York, NY, USA}
}

@article{costan2016intel,
  title={Intel SGX explained},
  author={Costan, Victor and Devadas, Srinivas},
  journal={Cryptology ePrint Archive},
  year={2016}
}

@inproceedings{tan2007ikernel,
  title={iKernel: Isolating buggy and malicious device drivers using hardware virtualization support},
  author={Tan, Lin and Chan, Ellick M and Farivar, Reza and Mallick, Nevedita and Carlyle, Jeffrey C and David, Francis M and Campbell, Roy H},
  booktitle={Third IEEE International Symposium on Dependable, Autonomic and Secure Computing (DASC 2007)},
  pages={134--144},
  year={2007},
  organization={IEEE}
}

@inproceedings{nikolaev2013virtuos,
  title={VirtuOS: An operating system with kernel virtualization},
  author={Nikolaev, Ruslan and Back, Godmar},
  booktitle={Proceedings of the Twenty-Fourth ACM Symposium on Operating Systems Principles},
  pages={116--132},
  year={2013}
}
%---------------- websites 

 @misc{android_developers_blog_2019, 
 title={Queue the hardening enhancements}, 
 url={https://android-developers.googleblog.com/2019/05/queue-hardening-enhancements.html}, journal={Android Developers Blog}, publisher={Android}, year={2019}, month={May}} 

@misc{nvd, title={NATIONAL VULNERABILITY DATABASE}, url={https://nvd.nist.gov/}, journal={NVD}, publisher={National Institute for Standards and Technology}} 

